<?xml version="1.0" encoding="UTF-8"?><record xmlns="http://www.loc.gov/MARC21/slim" xmlns:cinclude="http://apache.org/cocoon/include/1.0" xmlns:zs="http://www.loc.gov/zing/srw/">
  <leader>00529cz  a2200157n  4500</leader>
  <controlfield tag="001">n  93032248 </controlfield>
  <controlfield tag="003">DLC</controlfield>
  <controlfield tag="005">20000728064948.0</controlfield>
  <controlfield tag="008">930408n| acannaabn          |a aaa      </controlfield>
  <datafield tag="010" ind1=" " ind2=" ">
    <subfield code="a">n  93032248 </subfield>
  </datafield>
  <datafield tag="035" ind1=" " ind2=" ">
    <subfield code="a">(OCoLC)oca03350808</subfield>
  </datafield>
  <datafield tag="040" ind1=" " ind2=" ">
    <subfield code="a">DLC</subfield>
    <subfield code="b">eng</subfield>
    <subfield code="c">DLC</subfield>
    <subfield code="d">OCoLC</subfield>
  </datafield>
  <datafield tag="100" ind1="1" ind2=" ">
    <subfield code="a">Sentandreu Mahiques, Miguel</subfield>
  </datafield>
  <datafield tag="400" ind1="1" ind2=" ">
    <subfield code="a">Mahiques, Miguel Sentandreu</subfield>
  </datafield>
  <datafield tag="400" ind1="1" ind2=" ">
    <subfield code="a">Sentandreu Mahiques, M.</subfield>
    <subfield code="q">(Miguel)</subfield>
  </datafield>
  <datafield tag="670" ind1=" " ind2=" ">
    <subfield code="a">His Estudio medioambiental en las zonas de salud ... 1987:</subfield>
    <subfield code="b">t.p. (Miguel Sentandreu Mahiques) cover (M. Sentandreu Mahiques)</subfield>
  </datafield>
</record>